% Encoding: UTF-8

@Article{concept,
  author  = {{Department~of~Higher~Education}},
  title   = {{Brief Note on implementation of GoS recommendation on Induction Training of Faculty in Universities/Colleges/ Institutes}},
  journal = {MHRD},
  year    = {2017},
}

@Electronic{tkcalc,
  author       = {Aman Deep},
  year         = {2018},
  title        = {{Python Calculator}},
  howpublished = {},
  organization = {},
  url          = {https://github.com/gadepall/EE1083/blob/master/calculator/software/codes/pythonprogs/tkcalc.py}
%  {\url{http://www.iith.ac.in/images/files/pdf/2014%2007%20Fractal%20Aacademics.pdf}}},
}
@Electronic{calc_mul_root,
  author       = {Hemanth Kumar},
  year         = {2018},
  title        = {{Python Calculator using Shared Libraries}},
  howpublished = {},
  organization = {},
  url          = {https://github.com/gadepall/EE1083/blob/master/calculator/software/codes/pythonprogs/calc_mul_root.py}
%  {\url{http://www.iith.ac.in/images/files/pdf/2014%2007%20Fractal%20Aacademics.pdf}}},
}

@Electronic{fractal_booklet,
  author       = {{IIT~Hyderabad}},
  year         = {2017},
  title        = {{Fractal Academic Booklet}},
  organization = {IIT Hyderabad},
  url          = {http://www.iith.ac.in/images/files/pdf/Fractal%20Academic%20Booklet_v2e.pdf}
  %{\url{http://www.iith.ac.in/images/files/pdf/Fractal%20Academic%20Booklet_v2e.pdf}},
}

@Unpublished{tlc_2016,
  author = {Mudrika Khandelwal and G V V Sharma},
  title  = {{IITH-TLC Review 2016}},
}

%@Electronic{tkcalc,
%  author = {Aman Deep},
%  title  = {{Python Calculator}},
%  url    = {https://github.com/gadepall/EE1083/blob/master/calculator/codes/solution/pythonprogs/tkcalc.py}
%  %{\url{http://tlc.iith.ac.in/teaching.html}}},
%}

@Manual{digital_design,
  title  = {{Digital Design through Arduino}},
  author = {G V V Sharma},
  url    = {http://tlc.iith.ac.in/arduino.html}
  %{\url{http://tlc.iith.ac.in/arduino.html}}},
}

@Manual{matrix_analysis,
  title  = {{Matrix Analysis through Python}},
  author = {G V V Sharma},
  url    = {http://tlc.iith.ac.in/img/gvv_matrix_python.pdf}
  %{\url{http://tlc.iith.ac.in/img/gvv_matrix_python.pdf}}},
}

@Misc{tlc,
  title = {{Teaching Learning Centre, Indian Institute of Technology, Hyderabad}},
  url   = {http://tlc.iith.ac.in/index.html}
  %{http://tlc.iith.ac.in/index.html}},
}

@Article{nf2005,
  author = {NCERT},
  title  = {{NATIONAL CURRICULUM FRAMEWORK}},
  year   = {2005},
  url    = {http://www.ncert.nic.in/rightside/links/pdf/framework/english/nf2005.pdf}
  %{\url{http://www.ncert.nic.in/rightside/links/pdf/framework/english/nf2005.pdf}}},
}

@Article{ict2017,
  author = {NCERT},
  title  = {{Information and Communication Technology for the School System: Curricula for ICT in Education}},
  year   = {2017},
  url    = {http://ictcurriculum.gov.in/mod/resource/view.php?id=4324#/}
  %{\url{http://ictcurriculum.gov.in/mod/resource/view.php?id=4324#/}}},
}

@Article{policy2012,
  author = {{Department of School Education and Literacy, Ministry of Human Resource Development, Government of India}},
  title  = {{National Policy on Information and Communication Technology (ICT) In School Education}},
  url    = {http://mhrd.gov.in/sites/upload_files/mhrd/files/upload_document/revised_policy%20document%20ofICT.pdf}
  %{\url{http://mhrd.gov.in/sites/upload_files/mhrd/files/upload_document/revised_policy%20document%20ofICT.pdf}}},
}

@Manual{a4s,
  title        = {Arduino for School},
  author       = {G.~V.~V.~Sharma},
  organization = {IIT Hyderabad},
  year         = {2017},
  url          = {https://github.com/gadepall/school/blob/master/a4s/gvv_a4s.pdf}
  %{\url{http://tlc.iith.ac.in/img/gvv_a4s.pdf}}},
}

@Comment{jabref-meta: databaseType:bibtex;}
