% Encoding: UTF-8

@Electronic{afe,
  author = {G V V Sharma},
  title  = {Arduino for School},
  url    = {http://tlc.iith.ac.in/img/gvv_a4s.pdf},
}

@Electronic{gvv_cprog,
  author = {G V V Sharma},
  title  = {C Programming through Arduino IDE},
  url    = {http://tlc.iith.ac.in/img/gvv_cprog.pdf},
}

@Electronic{gvv_jee_2016_python,
  author = {G V V Sharma},
  title  = {Python for Math Computing},
  url    = {http://tlc.iith.ac.in/img/jee/gvv_jee_2016_python.pdf},
}

@Electronic{gvv_jee_2017,
  author = {G V V Sharma},
  title  = {JEE 2017 through Python},
  url    = {http://tlc.iith.ac.in/img/jee/gvv_jee_2017.pdf},
}

@Electronic{gvv_dstc,
  author = {G V V Sharma},
  title  = {JEE 2017 through Python},
  url    = {http://tlc.iith.ac.in/img/gvv_dstc.pdf},
}

@Electronic{gvv_pythonc,
  author = {G V V Sharma},
  title  = {C and Python},
  url    = {http://tlc.iith.ac.in/img/gvv_pythonc.pdf},
}

@Comment{jabref-meta: databaseType:bibtex;}
